<?xml version="1.0" encoding="UTF-8"?><collection><record><leader>06539ntm a2200577 a 4500</leader><controlfield tag="001">006813657</controlfield><controlfield tag="003">MiAaHDL</controlfield><controlfield tag="005">20190719000000.0</controlfield><controlfield tag="006">m        d        </controlfield><controlfield tag="007">cr bn ---auaua</controlfield><controlfield tag="008">090606s15uu    xx            00| ||ara d</controlfield><datafield tag="035" ind1=" " ind2=" "><subfield code="a">(MiU)006813657</subfield></datafield><datafield tag="035" ind1=" " ind2=" "><subfield code="a">sdr-miu006813657</subfield></datafield><datafield tag="040" ind1=" " ind2=" "><subfield code="a">MiU</subfield><subfield code="c">MiU</subfield><subfield code="e">amremm</subfield></datafield><datafield tag="043" ind1=" " ind2=" "><subfield code="a">n-us-mi</subfield></datafield><datafield tag="100" ind1="1" ind2=" "><subfield code="6">880-01</subfield><subfield code="a">Fanārī, Ḥasan ibn Muḥammad Shāh,</subfield><subfield code="d">1436 or 1437-1481.</subfield></datafield><datafield tag="245" ind1="1" ind2="0"><subfield code="6">880-03</subfield><subfield code="a">[Ḥāshiyah ʻalá al-Muṭawwal,</subfield><subfield code="f">16th century?].</subfield></datafield><datafield tag="246" ind1="3" ind2=" "><subfield code="i">From inscription on 'title page' (p.3):</subfield><subfield code="a">حاشيۀ مطول</subfield></datafield><datafield tag="260" ind1=" " ind2=" "><subfield code="c">[15--?].</subfield></datafield><datafield tag="300" ind1=" " ind2=" "><subfield code="a">209 leaves :</subfield><subfield code="b">paper ;</subfield><subfield code="c">272 x 190 (190 x 112) mm.</subfield></datafield><datafield tag="500" ind1=" " ind2=" "><subfield code="a">Shelfmark: Ann Arbor, University of Michigan, Special Collections Library, Isl. Ms. 631</subfield></datafield><datafield tag="500" ind1=" " ind2=" "><subfield code="a">Origin: Lacks dated colophon ; paper, hand, etc. would suggest perhaps 15th or 16th century for some sections, with other sections likely replacements perhaps 16th century.</subfield></datafield><datafield tag="500" ind1=" " ind2=" "><subfield code="a">Accompanying materials: a. Two inventory cataloguing slips in hand of Winifred Smeaton Thomas. -- b. Acquisitions slip from Yahuda.</subfield></datafield><datafield tag="500" ind1=" " ind2=" "><subfield code="a">Former shelfmark: From inner front cover and fore edge flap label, "IL 95a" (likely supplied by Yahuda, see acquisitions slip) ; from inner front cover date stamp "22 Jull 1906."</subfield></datafield><datafield tag="500" ind1=" " ind2=" "><subfield code="a">Binding: Pasteboards covered in comb marbled paper (in salmon, blue, yellow, etc.) with dark red leather over spine, fore edge flap, and edges/turn-ins (marbled paper faced, leather edged, framed binding) ; Type II binding (with flap) ; board linings in yellow laid paper with watermark of three hats (top hats with feathers, resembling tea cups) ; sewn in brown thread, two stations ; worked chevron endbands in light blue and yellow, tailband gone though headband remains in good condition ; overall in fair condition with some staining and abrasion, losses to lower corner of spine, etc.</subfield></datafield><datafield tag="500" ind1=" " ind2=" "><subfield code="a">Support: non-European and European laid paper of several types ; mainly a type (likely Arab) with 8-9 laid lines per cm. (horizontal) and chain lines (vertical) grouped in threes with 11-13 mm. between chains and 33 mm. between groups, sturdy, well-burnished and quite smooth ; another type with 8 laid lines per cm. (horizontal), chain lines spaced 28 mm. apart (vertical), and bull's head watermark (see p.180, etc.) ; still another European type with 7 laid lines per cm. (horizontal), chain lines spaced 25-27 mm. apart (vertical) and anchor in circle watermark (see p.406, etc.), quite sturdy ; some leaves tinted light blue or yellow.</subfield></datafield><datafield tag="500" ind1=" " ind2=" "><subfield code="a">Decoration: Keywords and some abbreviation symbols rubricated ; some overlining in red ; textual divders in the form of disc, inverted comma, and hāʼ in red.</subfield></datafield><datafield tag="500" ind1=" " ind2=" "><subfield code="a">Script: Nastaʻlīq (talik) and naskh ; several elegant Turkish hands ; opening hand (through p.178 and then from pp.207-287) nastaʻlīq (talik), serifless, with effect of tilt to the right, very slight effect of words descending to baseline, contrast in thickness between vertical and horizontal strokes, some elongation of horizontal strokes, pointing in strokes rather than distinct dots, etc. ; hand of next and other sections (see pp.179-206, pp.287-326, 367-386) naskh, a few compact Turkish hands, serifless, with effect of tilt to the left, closed counters, elongation of horizontal strokes, pointing in strokes rather than distinct dots, etc. ; toward close (pp.327-366, 387 to close) again nastaʻlīq (talik), two other hands, serifless, with slight effect of tilt to the right, pointing in strokes rather than distinct dots, etc.</subfield></datafield><datafield tag="500" ind1=" " ind2=" "><subfield code="a">Layout: Written in 25 lines per page ; frame-ruled ; some marginalia in decorative shapes, artistically arranged.</subfield></datafield><datafield tag="500" ind1=" " ind2=" "><subfield code="a">Collation: V-1 (9), 8 V(89), VII (103), 8 V(183), IV (191), I (193), V (203), III (209) ; chiefly quinions ; catchwords present ; pagination in pencil, Western numerals, supplied during digitization.</subfield></datafield><datafield tag="500" ind1=" " ind2=" "><subfield code="a">Explicit: "والتذكير للاحكام المذكورة في علمي المعاني والبيان انما لم يتعرض للبديع لكونه خارجا عن البلاغة تمت الكتاب بعون الله الملك الوهاب واليه المرجع والمآب"</subfield></datafield><datafield tag="500" ind1=" " ind2=" "><subfield code="a">Incipit: "الحمد لله الذي شرح صدور ارباب الاذهان لايضاح معان الكلم ببديع البيان ... الهمنا حقائق المعاني والدقائق البيان الاقرب الى الفهم ان المراد بالالهام في هذا المقام معناه اللغوي وهو الاعلام مطلقا لا يحتاج ارادة ..."</subfield></datafield><datafield tag="500" ind1=" " ind2=" "><subfield code="a">Title supplied by cataloguer.</subfield></datafield><datafield tag="500" ind1=" " ind2=" "><subfield code="a">Ms. codex.</subfield></datafield><datafield tag="510" ind1="4" ind2=" "><subfield code="a">Ḥājjī Khalīfah, Kashf al-ẓunūn,</subfield><subfield code="c">ii 405</subfield></datafield><datafield tag="510" ind1="4" ind2=" "><subfield code="a">Brockelmann, C. GAL,</subfield><subfield code="c">I 295 (cmtre 4A, gloss f) ; II 229</subfield></datafield><datafield tag="520" ind1="8" ind2=" "><subfield code="a">Fine copy of Ḥasan ibn Muḥammad Shāh al-Fanārī's (Hasan Çelebî) gloss on al-Sharḥ al-muṭawwal, the longer commentary by Masʻūd ibn ʻUmar al-Taftazānī on Talkhīṣ al-Miftāḥ by Jalāl al-Dīn al-Qazwīnī (d.1338), an abridgment of part 3 of Miftāḥ al-ʻulūm by al-Sakkākī (d.1229), on rhetoric (al-maʻānī wa-al-bayān). Includes preamble.</subfield></datafield><datafield tag="538" ind1=" " ind2=" "><subfield code="a">Mode of access: Internet.</subfield></datafield><datafield tag="541" ind1=" " ind2=" "><subfield code="a">Acquired in 1926 from the bookseller Isaac Benjamin S.E. Yahuda via purchase transacted on his behalf by Abraham Shalom Yahuda (1877-1951), his younger brother.</subfield></datafield><datafield tag="546" ind1=" " ind2=" "><subfield code="a">Arabic.</subfield></datafield><datafield tag="561" ind1=" " ind2=" "><subfield code="a">Extensive marginal glosses, many decoratively arranged in various shapes (even sword or cypress tree, etc.).</subfield></datafield><datafield tag="600" ind1="1" ind2="0"><subfield code="a">Taftāzānī, Masʻūd ibn ʻUmar,</subfield><subfield code="d">1322-1389?</subfield><subfield code="t">Muṭawwal.</subfield></datafield><datafield tag="650" ind1=" " ind2="0"><subfield code="a">Manuscripts, Arabic</subfield><subfield code="z">Michigan</subfield><subfield code="z">Ann Arbor.</subfield></datafield><datafield tag="650" ind1=" " ind2="0"><subfield code="a">Arabic language</subfield><subfield code="x">Rhetoric</subfield><subfield code="v">Early works to 1800.</subfield></datafield><datafield tag="700" ind1="1" ind2=" "><subfield code="6">880-05</subfield><subfield code="a">Sakkākī, Yūsuf ibn Abī Bakr,</subfield><subfield code="d">1160-1229.</subfield><subfield code="t">Miftāḥ al-ʻulūm.</subfield><subfield code="n">Qism 3.</subfield></datafield><datafield tag="700" ind1="1" ind2=" "><subfield code="6">880-04</subfield><subfield code="a">Qazwīnī, Jalāl al-Dīn Muḥammad ibn ʻAbd al-Raḥmān,</subfield><subfield code="d">1267 or 1268-1338.</subfield><subfield code="t">Talkhīṣ al-Miftāḥ.</subfield></datafield><datafield tag="773" ind1="0" ind2=" "><subfield code="a">Yahuda Collection.</subfield></datafield><datafield tag="880" ind1="1" ind2=" "><subfield code="6">700-05/</subfield><subfield code="a">سكاكي، يوسف بن ابي بكر,</subfield><subfield code="d">1160-1229.</subfield><subfield code="t">مفتاح العلوم.</subfield><subfield code="n">قسم 3.</subfield></datafield><datafield tag="880" ind1="1" ind2=" "><subfield code="6">700-04/</subfield><subfield code="a">قزويني، جلال الدين محمد بن عبد الرحمن،</subfield><subfield code="t">تلخيس المفتاح.</subfield></datafield><datafield tag="880" ind1="1" ind2="0"><subfield code="6">245-03/</subfield><subfield code="a">[حاشية على المطول,</subfield><subfield code="f">القرن 16م؟].</subfield></datafield><datafield tag="880" ind1="1" ind2=" "><subfield code="6">100-01/</subfield><subfield code="a">فناري، حسن بن محمد شاه.</subfield></datafield><datafield tag="CID" ind1=" " ind2=" "><subfield code="a">006813657</subfield></datafield><datafield tag="DAT" ind1="0" ind2=" "><subfield code="a">20190719102638.0</subfield><subfield code="b">20190719000000.0</subfield></datafield><datafield tag="DAT" ind1="1" ind2=" "><subfield code="a">20190719090653.0</subfield><subfield code="b">2019-07-19T16:12:00Z</subfield></datafield><datafield tag="DAT" ind1="2" ind2=" "><subfield code="a">2015-10-02T18:00:03Z</subfield></datafield><datafield tag="CAT" ind1=" " ind2=" "><subfield code="a">SDR-MIU</subfield><subfield code="d">EX LIBRIS - ALEPH</subfield><subfield code="l">prepare.pl-004-008</subfield></datafield><datafield tag="FMT" ind1=" " ind2=" "><subfield code="a">BK</subfield></datafield><datafield tag="HOL" ind1=" " ind2=" "><subfield code="0">sdr-miu006813657</subfield><subfield code="a">MiU</subfield><subfield code="b">SDR</subfield><subfield code="c">MIU</subfield><subfield code="p">mdp.39015079128453</subfield><subfield code="s">MIU</subfield><subfield code="1">006813657</subfield></datafield><datafield tag="974" ind1=" " ind2=" "><subfield code="b">MIU</subfield><subfield code="c">MIU</subfield><subfield code="d">20190719</subfield><subfield code="s">lit-dlps-dc</subfield><subfield code="u">mdp.39015079128453</subfield><subfield code="y">1599</subfield><subfield code="r">pd</subfield><subfield code="q">bib</subfield><subfield code="t">non-US bib date1 &lt; 1896</subfield></datafield></record></collection>